<?xml version="1.0" encoding="utf-8"?>
<record xmlns="http://www.loc.gov/MARC21/slim" xmlns:xsi="http://www.w3.org/2001/XMLSchema-instance" xsi:schemaLocation="http://www.loc.gov/MARC21/slim http://www.loc.gov/standards/marcxml/schema/MARC21slim.xsd">
	<leader>
		02596nam a2200385   4500
	</leader>
	<controlfield tag="001">
		2762082
	</controlfield>
	<controlfield tag="003">
		NjP
	</controlfield>
	<controlfield tag="006">
		m        d        
	</controlfield>
	<controlfield tag="007">
		cr cn |||m|||a
	</controlfield>
	<controlfield tag="008">
		151111m19049999le      o     000 0 arard
	</controlfield>
	<datafield ind1=" " ind2=" " tag="040">
		<subfield code="a">
			NNU
		</subfield>
		<subfield code="b">
			eng
		</subfield>
		<subfield code="e">
			rda
		</subfield>
		<subfield code="c">
			NNU
		</subfield>
	</datafield>
	<datafield ind1=" " ind2="4" tag="050">
		<subfield code="a">
			PJ7625
		</subfield>
		<subfield code="b">
			.S94 1904
		</subfield>
	</datafield>
	<datafield ind1="1" ind2=" " tag="100">
		<subfield code="6">
			880-01
		</subfield>
		<subfield code="a">
			Ṣufayr, Yūsuf,
		</subfield>
		<subfield code="e">
			author.
		</subfield>
	</datafield>
	<datafield ind1="1" ind2="0" tag="245">
		<subfield code="6">
			880-02
		</subfield>
		<subfield code="a">
			Majālī al-ghurar li-kitāb al-qarn al-tāsiʻ ʻashar :
		</subfield>
		<subfield code="b">
			wa-huwa yashtamil ʻala kull mā  raqāʻ min al-maqālāt al-mufīdah al-shāʼiqah, wa-al-khiṭab al-nafīsah al-rāʼiqah al-latī yastafīd minhā al-ṭālib, wa-yastaʻīn bi-hā kull kātib mudabbijah bīrāʻ ashhur kuttāb al-ʻasr al-ladhīn lahum ʻalaynā al-faḍl wa-yaḥaqq li-nā bihim al-fakhr /
		</subfield>
		<subfield code="c">
			jamaʻahu Yūsuf Ṣufayr.
		</subfield>
	</datafield>
	<datafield ind1=" " ind2="1" tag="264">
		<subfield code="6">
			880-03
		</subfield>
		<subfield code="a">
			Bayrūt :
		</subfield>
		<subfield code="b">
			Maktabat al-Madāris,
		</subfield>
		<subfield code="c">
			1904-
		</subfield>
	</datafield>
	<datafield ind1=" " ind2="3" tag="264">
		<subfield code="6">
			880-04
		</subfield>
		<subfield code="a">
			Bʻabdā ̄ :
		</subfield>
		<subfield code="b">
			al-Maṭbaʻah al-ʻUthmānīyah,
		</subfield>
		<subfield code="c">
			1904-
		</subfield>
	</datafield>
	<datafield ind1=" " ind2=" " tag="300">
		<subfield code="a">
			online resource (volumes)
		</subfield>
	</datafield>
	<datafield ind1=" " ind2=" " tag="336">
		<subfield code="a">
			text
		</subfield>
		<subfield code="2">
			rdacontent
		</subfield>
	</datafield>
	<datafield ind1=" " ind2=" " tag="337">
		<subfield code="a">
			computer
		</subfield>
		<subfield code="2">
			rdamedia
		</subfield>
	</datafield>
	<datafield ind1=" " ind2=" " tag="338">
		<subfield code="a">
			online resource
		</subfield>
		<subfield code="2">
			rdacarrier
		</subfield>
	</datafield>
	<datafield ind1=" " ind2=" " tag="500">
		<subfield code="a">
			Part of the Arabic Collections Online (ACO) project, contributed by Princeton University Libraries.
		</subfield>
	</datafield>
	<datafield ind1=" " ind2=" " tag="533">
		<subfield code="a">
			Electronic reproduction.
		</subfield>
		<subfield code="b">
			New York, N.Y. :
		</subfield>
		<subfield code="c">
			New York University,
		</subfield>
		<subfield code="d">
			2015.
		</subfield>
		<subfield code="5">
			NNU
		</subfield>
	</datafield>
	<datafield ind1=" " ind2="0" tag="650">
		<subfield code="a">
			Arabic literature.
		</subfield>
	</datafield>
	<datafield ind1=" " ind2="7" tag="650">
		<subfield code="a">
			Arabic literature.
		</subfield>
		<subfield code="2">
			fast
		</subfield>
		<subfield code="0">
			(OCoLC)fst00812478
		</subfield>
	</datafield>
	<datafield ind1="2" ind2=" " tag="710">
		<subfield code="a">
			Princeton University.
		</subfield>
		<subfield code="b">
			Library.
		</subfield>
	</datafield>
	<datafield ind1="0" ind2=" " tag="730">
		<subfield code="a">
			Arabic Collections Online.
		</subfield>
	</datafield>
	<datafield ind1="0" ind2="8" tag="776">
		<subfield code="i">
			Online version:
		</subfield>
		<subfield code="a">
			Ṣufayr, Yūsuf.
		</subfield>
		<subfield code="t">
			Majālī al-ghurar.
		</subfield>
		<subfield code="d">
			Bayrūt : Maktabat al-Madāris, 1904-
		</subfield>
		<subfield code="w">
			(OCoLC)562341855
		</subfield>
	</datafield>
	<datafield ind1="0" ind2="8" tag="776">
		<subfield code="i">
			Print version:
		</subfield>
		<subfield code="a">
			Ṣufayr, Yūsuf, author.
		</subfield>
		<subfield code="t">
			Majālī al-ghurar li-kitāb al-qarn al-tāsiʻ ʻashar
		</subfield>
		<subfield code="w">
			(NjP)2762082
		</subfield>
		<subfield code="w">
			(OCoLC)23500765
		</subfield>
	</datafield>
	<datafield ind1="4" ind2="0" tag="856">
		<subfield code="u">
			http://hdl.handle.net/2333.1/7pvmcz9j
		</subfield>
	</datafield>
	<datafield ind1="1" ind2=" " tag="880">
		<subfield code="6">
			100-01/r
		</subfield>
		<subfield code="a">
			صفير، يوسف.
		</subfield>
	</datafield>
	<datafield ind1="1" ind2="0" tag="880">
		<subfield code="6">
			245-02/r
		</subfield>
		<subfield code="a">
			مجالي الغرر لكتاب القرن التاسع عشر :
		</subfield>
		<subfield code="b">
			وهو يشتمل عل كل ما  رقاع من المقالات المفيدة الشائقة، والخطب النفيسة الرائقة اللتي يستفيد منها الطالب، ويستعين بها كل كاتب مدبجة بيراع اشهر كتاب العسر اللذين لهم علينا الفضل ويحق لنا بهم الفخر /
		</subfield>
		<subfield code="c">
			جمعه يوسف صفير.
		</subfield>
	</datafield>
	<datafield ind1=" " ind2="1" tag="880">
		<subfield code="6">
			264-03/r
		</subfield>
		<subfield code="a">
			بيروت :
		</subfield>
		<subfield code="b">
			مكتبة المدارس،
		</subfield>
		<subfield code="c">
			1904
		</subfield>
	</datafield>
	<datafield ind1=" " ind2="3" tag="880">
		<subfield code="6">
			264-04/r
		</subfield>
		<subfield code="a">
			بعبدا :
		</subfield>
		<subfield code="b">
			المطبعة العثمانية،
		</subfield>
		<subfield code="c">
			1904
		</subfield>
	</datafield>
	<datafield ind1=" " ind2=" " tag="959">
		<subfield code="a">
			NNU
		</subfield>
		<subfield code="b">
			WEB
		</subfield>
		<subfield code="c">
			GENI
		</subfield>
		<subfield code="t">
			0
		</subfield>
		<subfield code="m">
			Electronic access
		</subfield>
		<subfield code="s">
			01
		</subfield>
	</datafield>
	<datafield ind1=" " ind2=" " tag="999">
		<subfield code="i">
			NjP_2762082
		</subfield>
		<subfield code="o">
			(OCoLC)ocm23500765 
		</subfield>
		<subfield code="s">
			princeton_aco000187:vol.1
		</subfield>
	</datafield>
</record>
